
@string{ID = "
$Id: lag.bib,v 1.5 1998/02/03 10:51:36 georg Exp georg $
"}

	
@article{Casulli94
	,author="V. Casulli and E. Cattani"
	,title="Stability, Accuracy and Efficiency of a
		Semi-Implicit Method for Three-Dimensional
		Shallow Water Flow"
	,journal="Computers Math. Applic."
	,year="1994"
	,volume="27"
        ,number="4"
	,pages="99--112"
	}

@article{Casulli92
	,author="V. Casulli and R. T. Cheng"
	,title="Semi-implicit Finite Difference Methods
		for the Three-Dimensional Shallow Water Flow"
	,journal="International Journal for Numerical Methods in Fluids"
	,year="1992"
	,volume="15"
	,pages="629--648"
	}

@article{Marchi92
	,author="Enrico Marchi and Attilio Adami and Alfredo Caielli
			and Giovanni Cecconi"
	,title="Water flow modelling of the {V}enice {L}agoon"
	,journal="Coastal Engineering"
	,year="1992"
	,volume="20"
	,pages="1869--1878"
	}

@article{Volpi77
        ,author="Giampiero Volpi and Piero Sguazzero"
        ,title="La Propagazione della Marea nella {L}aguna di {V}enezia: 
		un Modello
              di Simulazione e il suo Impiego nella Regolazione delle Bocche
              di Porto"
        ,journal="Rivista Italiana di Geofisica e Scienze Affini"
        ,year="1977"
        ,volume="IV"
        ,number="1/2"
        ,pages="67--74"
        }

@inproceedings{Carbog95
	,author="Laura Carbognin and Luigi Tosi and Pietro Teatini"
	,booktitle="Land Subsidence"
	,title="Analysis of actual land subsidence in {V}enice
		and its hinterland ({I}taly)"
	,publisher="Balkema"
	,year="1995"
	,pages="129--137"
	,address="Rotterdam"
	,editor="Barends, Brouwer and {Schr\"oder}"
	}

@incollection{Chign75
	,author="Cesare Chignoli and Riccardo Rabagliati"
	,booktitle="{V}enezia e i problemi dell'ambiente"
	,title="Un modello della idrodinamica lagunare"
	,publisher="Il Mulino"
	,year="1975"
	,pages="225--297"
	,address="Bologna"
	}

@article{Sguazz78
        ,author="Piero Sguazzero and Cesare Chignoli and
		Riccardo Rabagliati and Giampiero Volpi"
        ,title="Hydrodynamical Modeling of the {L}agoon of {V}enice"
        ,journal="IBM Journal of research and development"
        ,year="1978"
        ,volume="22"
        ,number="5"
        ,pages="472--480"
	}

@techreport{Goldmann75
        ,author="A. Goldmann and Riccardo Rabagliati
			and Piero Sguazzero"
        ,title="Characteristics of the Tidal Wave in the {L}agoon of {V}enice"
        ,journal="IBM Journal of research and development"
	,institution="IBM, Venice Scientific Center"
        ,year="1975"
        ,number="47"
	,type="Technical Report"
	}

@mastersthesis{Umgies86
	,author="Georg Umgiesser"
	,school="University of Hamburg"
	,title="A model for the {V}enice {L}agoon"
	,year="1986"
	}

@inproceedings{Umgies93
	,author="Georg Umgiesser and Andrea Bergamasco"
	,booktitle="Finite Elements in Fluids"
	,title="A staggered grid finite element model of the {V}enice {L}agoon"
	,year="1993"
	,editor="K. Morgan, E. Ofiate, J. Periaux and O.C. Zienkiewicz"
	,publisher="Pineridge Press"
	}

@inproceedings{Umgies95
	,author="Georg Umgiesser and Stefano Zecchetto"
	,booktitle="Finite Elements in Fluids ---
		New Trends and Applications"
	,title="The influence of the wind on the water levels 
		in the {V}enice {L}agoon"
	,year="1995"
	,editor="M. Morandi Cecchi et al."
	,publisher="Pineridge Press"
	,address="Venice, Italy"
	}

@incollection{Umgies95a
	,author="Georg Umgiesser and Andrea Bergamasco"
	,booktitle="Rapporto e Studi"
	,title="Outline of a Primitive Equation Finite Element Model"
	,year="1995"
	,publisher="Istituto Veneto di Scienze, Lettere ed Arti"
	,volume="XII"
	,pages="291--320"
	,address="Venice, Italy"
	}

@article{Zecchet97
        ,author="Stefano Zecchetto and Georg Umgiesser and
			Maurizio Brocchini"
        ,title="Hindcast of a Storm Surge Induced by Local Real Wind Fields
			in the {V}enice {L}agoon"
        ,journal="Continental Shelf Research"
        ,year="1977"
        ,volume="17"
        ,number="12"
        ,pages="1513--1538"
	}

@inbook{DiSilvio72
	,author="Gianpaolo Di Silvio and Luigi D'Alpaos"
	,booktitle="Commissione di studio dei provvedimenti per la
		conservazione e difesa della laguna e della 
		{citt\`a} di {V}enezia"
	,title="Il comportamento della {L}aguna di {V}enezia esaminato
		col metodo propagatorio unidimensionale"
	,publisher="Istituto Veneto di Scienze, Lettere ed Arti"
	,year="1972"
	,volume="5"
	,address="Venice, Italy"
	}

@inproceedings{DAlpaos78
	,author="Luigi D'Alpaos"
	,booktitle="Convegno sulle Metodologie Numeriche
		per la Soluzione di Equazioni Differenziali
		dell'Idrologia e dell'Idraulica"
	,title="Modello unidimensionale per lo studio della
		propagazione della marea nella {L}aguna di {V}enezia
		(Verifica dell'accuratezza del modello)"
	,year="1978"
	,publisher="{Universit\`a} di Padova"
	,address="Bressanone"
	}


@article{Backhaus83,
        author="Jan O. Backhaus",
        title="A Semi-Implicit Scheme for the Shallow Water Equations for
              Aplication to Shelf Sea Modelling",
        journal=CSR,
        year="1983",
        volume="2",
        number="4",
        pages="243--254"
        }

@article{Duwe82,
        author="Kurt C. Duwe and Regina R. Hewer",
        title="Ein Semi-Implizites Gezeitenmodell {f\"{u}r} Wattgebiete",
        journal=DHZ,
        year="1982",
        volume="35",
        number="6",
        pages="223--238"
        }

@article{Kwizak71,
        author="Michael Kwizak and Andr\'{e} J. Robert",
        title="A Semi-Implicit Scheme for Grid Point Atmospheric Models of
              the Primitive Equations",
        journal=MWR,
        year="1971",
        volume="99",
        number="1",
        pages="32--36"
        }

@article{Grotkop73,
        author="G. Grotkop",
        title="Finite Element Analysis of Long-Period Water Waves",
        journal=CMAME,
        year="1973",
        volume="2",
        number="2",
        pages="147--157"
        }

@article{Taylor75,
        author="C. Taylor and J. Davis",
        title="Tidal and Long Wave Propagation---A Finite Element Approach",
        journal=CF,
        year="1975",
        volume="3",
        pages="125--148"
        }

@article{Herrling77,
        author="Bruno Herrling",
        title="Ein Finite-Element-Modell zur Berechnung von
                {Tidestr\"{o}mungen} in {\"{A}stuarien} mit {Wattfl\"{a}chen}",
        journal=DK,
        year="1977",
        volume="31",
        pages="102--113"
        }

@article{Herrling78,
        author="B. Herrling",
        title="Computation of Shallow Water Waves with Hybrid Finite Elements",
        journal=AWR,
        year="1978",
        volume="1",
        pages="313--320"
        }

@article{Holz82,
        author="K.-P. Holz and G. Nitsche",
        title="Tidal Wave Analysis for Estuaries with Intertidal Flats",
        journal=AWR,
        year="1982",
        volume="5",
        pages="142--148"
        }

@article{Schoenstadt80,
        author="A. Schoenstadt",
        title="A Transfer Function Analysis of Numerical Schemes 
		Used to Simulate Geostrophic Adjustment",
        journal=MWR,
        year="1980",
        volume="108",
        pages="1248"
        }

@article{Williams81a,
        author="R. T. Williams",
        title="On the Formulation of Finite-Element Prediction Models",
        journal=MWR,
        year="1981",
        volume="109",
        pages="463"
        }

@article{Williams81b,
        author="R. T. Williams and O. C. Zienkiewicz",
        title="Improved Finite Element Forms for the 
		Shallow-Water Wave Equations",
        journal=IJNMF,
        year="1981",
        volume="1",
        pages="81"
        }

